fiscalDateEnding,reportedCurrency,grossProfit,totalRevenue,costOfRevenue,costofGoodsAndServicesSold,operatingIncome,sellingGeneralAndAdministrative,researchAndDevelopment,operatingExpenses,investmentIncomeNet,netInterestIncome,interestIncome,interestExpense,nonInterestIncome,otherNonOperatingIncome,depreciation,depreciationAndAmortization,incomeBeforeTax,incomeTaxExpense,interestAndDebtExpense,netIncomeFromContinuingOperations,comprehensiveIncomeNetOfTax,ebit,ebitda,netIncome,Ticker
2025-11-30,None,5545000000,6194000000,649000000,649000000,2261000000,421000000,1098000000,3247000000,None,None,None,66000000,None,None,None,None,2264000000,408000000,None,None,None,None,2261000000,1856000000,ADBE
2025-08-31,USD,5346000000,5988000000,642000000,642000000,2173000000,408000000,1088000000,3173000000,None,-67000000,None,67000000,None,None,None,208000000,2187000000,415000000,None,1772000000,None,2254000000,2462000000,1772000000,ADBE
2025-05-31,USD,5235000000,5873000000,638000000,638000000,2109000000,377000000,1082000000,3126000000,None,-68000000,None,68000000,None,None,None,209000000,2101000000,410000000,None,1691000000,None,2169000000,2378000000,1691000000,ADBE
2025-02-28,USD,5092000000,5714000000,622000000,622000000,2163000000,367000000,1026000000,2929000000,None,-62000000,None,62000000,None,None,None,217000000,2182000000,371000000,None,1811000000,None,2244000000,2461000000,1811000000,ADBE
2024-11-30,USD,4990000000,5606000000,616000000,616000000,1957000000,456000000,999000000,3033000000,None,291000000,None,50000000,None,None,None,218000000,1991000000,308000000,None,1683000000,None,2041000000,2259000000,1683000000,ADBE
2024-08-31,USD,4854000000,5408000000,554000000,554000000,1992000000,366000000,1022000000,2862000000,None,-51000000,None,51000000,None,None,None,213000000,2042000000,358000000,None,1684000000,None,2093000000,2306000000,1684000000,ADBE
2024-05-31,USD,4711000000,5309000000,598000000,598000000,1885000000,355000000,984000000,2826000000,None,-41000000,None,41000000,None,None,None,214000000,1930000000,357000000,None,1573000000,None,1971000000,2185000000,1573000000,ADBE
2024-02-29,USD,4592000000,5182000000,590000000,590000000,907000000,352000000,939000000,3685000000,None,-27000000,None,27000000,None,None,None,212000000,968000000,348000000,None,620000000,None,995000000,1207000000,620000000,ADBE
2023-11-30,USD,4414000000,5048000000,634000000,634000000,1743000000,372000000,889000000,2671000000,None,-28000000,None,28000000,None,None,None,240000000,1808000000,325000000,None,1483000000,None,1836000000,2076000000,1483000000,ADBE
2023-08-31,USD,4310000000,4890000000,580000000,580000000,1697000000,353000000,881000000,2613000000,None,-27000000,None,27000000,None,None,None,236000000,1743000000,340000000,None,1403000000,None,1770000000,2006000000,1403000000,ADBE
2023-05-31,USD,4244000000,4816000000,572000000,572000000,1624000000,357000000,876000000,2620000000,None,-26000000,None,26000000,None,52000000,None,235000000,1650000000,355000000,None,1295000000,None,1676000000,1911000000,1295000000,ADBE
2023-02-28,USD,4087000000,4655000000,568000000,568000000,1586000000,331000000,827000000,2501000000,None,-32000000,None,32000000,None,None,None,212000000,1598000000,351000000,None,1247000000,None,1586000000,1798000000,1247000000,ADBE
2022-11-30,USD,3957000000,4525000000,568000000,568000000,1505000000,340000000,773000000,2452000000,None,-28000000,None,28000000,None,None,None,215000000,1517000000,341000000,None,1176000000,None,1505000000,1720000000,1176000000,ADBE
2022-08-31,USD,3887000000,4433000000,546000000,546000000,1484000000,319000000,775000000,2403000000,None,-28000000,None,28000000,None,None,None,216000000,1456000000,320000000,None,1136000000,None,1484000000,1700000000,1136000000,ADBE
2022-05-31,USD,3847000000,4386000000,539000000,539000000,1529000000,291000000,738000000,2318000000,None,-28000000,None,28000000,None,-9000000,None,232000000,1492000000,314000000,None,1178000000,None,1520000000,1752000000,1178000000,ADBE
2022-02-28,USD,3750000000,4262000000,512000000,512000000,1580000000,269000000,701000000,2170000000,None,-28000000,None,28000000,None,None,None,235000000,1543000000,277000000,None,1266000000,None,1571000000,1806000000,1266000000,ADBE
2021-11-30,USD,3603000000,4110000000,507000000,507000000,1501000000,274000000,657000000,2102000000,None,-28000000,None,28000000,None,None,None,225000000,1468000000,235000000,None,1233000000,None,1496000000,1721000000,1233000000,ADBE
2021-08-31,USD,3468000000,3935000000,467000000,467000000,1441000000,265000000,651000000,2027000000,None,-27000000,None,27000000,None,None,None,213000000,1418000000,206000000,None,1212000000,None,1445000000,1658000000,1212000000,ADBE
2021-05-31,USD,3391000000,3835000000,444000000,444000000,1406000000,256000000,620000000,1985000000,None,-28000000,None,28000000,None,8000000,None,208000000,1386000000,270000000,None,1116000000,None,1414000000,1622000000,1116000000,ADBE
2021-02-28,USD,3458000000,3905000000,447000000,447000000,1454000000,290000000,620000000,2004000000,None,-30000000,None,30000000,None,9000000,None,196000000,1433000000,172000000,None,1261000000,None,1463000000,1659000000,1261000000,ADBE
2020-11-30,USD,2996000000,3424000000,428000000,428000000,1215000000,243000000,558000000,1781000000,None,-27000000,6000000,27000000,None,9000000,None,190000000,1197000000,-1053000000,None,2250000000,None,1224000000,1414000000,2250000000,ADBE
2020-08-31,USD,2798000000,3225000000,427000000,427000000,1069000000,230000000,566000000,1729000000,None,-21000000,7000000,27000000,None,19000000,None,191000000,1060000000,105000000,None,955000000,None,1088000000,1279000000,955000000,ADBE
2020-05-31,USD,2713000000,3128000000,415000000,415000000,1016000000,224000000,532000000,1697000000,None,-17000000,11000000,27000000,None,12000000,None,188000000,1000000000,-100000000,None,1100000000,None,1028000000,1216000000,1100000000,ADBE
2020-02-29,USD,2639000000,3091000000,452000000,452000000,937000000,271000000,532000000,1702000000,None,-14000000,19000000,33000000,None,15000000,None,188000000,919000000,-36000000,None,955000000,None,952000000,1140000000,955000000,ADBE
2019-11-30,USD,2539961000,2991944000,451983000,451983000,969931000,225938000,499806000,1570030000,None,-18303000,18212000,36515000,None,23730000,None,183692000,957147000,105286000,None,851861000,None,993358000,1177050000,851861000,ADBE
2019-08-31,USD,2418163000,2834126000,415963000,415963000,853812000,219256000,489827000,1564000000,None,-21769000,17760000,40000000,None,20205000,None,150549000,834488000,41725000,None,792763000,None,874017000,1024566000,792763000,ADBE
2019-05-31,USD,2336792000,2744280000,407488000,407488000,749547000,219334000,475958000,1587000000,None,-24299000,16278000,40000000,None,1802000,None,187000000,710772000,78179000,None,632593000,None,750000000,937000000,632593000,ADBE
2019-02-28,USD,2203660000,2600946000,397286000,397286000,694830000,216109000,464637000,1509000000,None,-24522000,16071000,41000000,None,48097000,None,144898000,702334000,28093000,None,674241000,None,742927000,887825000,674241000,ADBE
2018-11-30,USD,2105364000,2464625000,359261000,359261000,720546000,212355000,415958000,1384818000,None,None,None,27873000,None,6544000,None,106720000,699217000,20977000,None,678240000,None,720546000,827266000,678240000,ADBE
2018-08-31,USD,1995584000,2291076000,295492000,295492000,718606000,184063000,398957000,1276978000,None,None,None,21107000,None,3859000,None,86890000,701358000,35067000,None,666291000,None,722465000,809355000,666291000,ADBE
2018-05-31,USD,1914016000,2195360000,281344000,281344000,698484000,178040000,374128000,1215532000,None,None,None,20363000,None,12678000,None,76360000,690799000,27632000,None,663167000,None,711162000,787522000,663167000,ADBE
2018-02-28,USD,1820045000,2078947000,258902000,258902000,702733000,170440000,348769000,1117312000,None,None,None,19899000,None,19668000,None,76522000,702502000,119426000,None,583076000,None,722401000,798923000,583076000,ADBE
2017-11-30,USD,1735723000,2006595000,270872000,270872000,649340000,169567000,324026000,1086383000,None,None,None,19116000,None,12788000,None,81234000,643012000,141463000,None,501549000,None,649340000,730574000,501549000,ADBE
2017-08-31,USD,1578152000,1841074000,262922000,262922000,545674000,147402000,315555000,1032478000,None,None,None,18809000,None,14514000,None,82319000,541379000,121810000,None,419569000,None,560188000,642507000,419569000,ADBE
2017-05-31,USD,1532830000,1772190000,239360000,239360000,504082000,156929000,299401000,1028748000,None,None,None,18347000,None,6883000,None,81635000,492618000,118228000,None,374390000,None,510965000,592600000,374390000,ADBE
2017-02-28,USD,1444309000,1681646000,237337000,237337000,468999000,150808000,285077000,975310000,None,None,None,18130000,None,9763000,None,80809000,460632000,62186000,None,398446000,None,478762000,559571000,398446000,ADBE
2016-11-30,USD,1391863000,1608419000,216556000,216556000,472280000,148477000,257849000,919868000,None,None,None,17518000,None,1938000,None,81860000,456700000,57087000,None,399613000,None,474218000,556078000,399613000,ADBE
2016-08-31,USD,1261266000,1463967000,202701000,202701000,369325000,143702000,248450000,891941000,None,None,None,17281000,None,4257000,None,84014000,356301000,85513000,None,270788000,None,373582000,457596000,270788000,ADBE
2016-05-31,USD,1196630000,1398709000,202079000,202079000,344239000,138596000,232484000,852857000,None,None,None,17174000,None,2765000,None,84461000,329830000,85756000,None,244074000,None,344239000,428700000,244074000,ADBE
2016-02-29,USD,1184763000,1383335000,198572000,198572000,307758000,146935000,237204000,877424000,None,None,None,4187000,None,3018000,None,81200000,292307000,38000000,None,254307000,None,307758000,388958000,254307000,ADBE
2015-11-30,USD,1105043000,1306404000,201361000,201361000,290434000,134052000,220514000,814088000,None,None,None,16515000,None,23021000,None,86359000,296940000,74235000,None,222705000,None,313455000,399814000,222705000,ADBE
2015-08-31,USD,1026783000,1217768000,190985000,190985000,246019000,122578000,218660000,781515000,None,None,None,16519000,None,3119000,None,87550000,232619000,58154000,None,174465000,None,245268000,332818000,174465000,ADBE
2015-05-31,USD,976985000,1162158000,185173000,185173000,193617000,130208000,208047000,783334000,None,None,None,16605000,None,3962000,None,85929000,180974000,33481000,None,147493000,None,193651000,279580000,147493000,ADBE
2015-02-28,USD,942383000,1109181000,166798000,166798000,173025000,145081000,215509000,767603000,None,None,None,14545000,None,4768000,None,79635000,163248000,78360000,None,84888000,None,174780000,254415000,84888000,ADBE
2014-11-30,USD,912385000,1073328000,160943000,160943000,124505000,133534000,213687000,787880000,None,None,None,12678000,None,448000,None,78147000,112275000,24139000,None,88136000,None,124953000,203100000,88136000,ADBE
2014-08-31,USD,847685000,1005409000,157724000,157724000,74176000,141676000,212049000,773308000,None,None,None,13361000,None,2123000,None,80154000,62938000,18252000,None,44686000,None,74377000,154531000,44686000,ADBE
2014-05-31,USD,913304000,1068208000,154904000,154904000,135258000,129138000,209092000,778412000,None,None,None,17103000,None,3116000,None,77653000,121271000,32744000,None,88527000,None,134892000,212545000,88527000,ADBE
2014-02-28,USD,851611000,1000120000,148509000,148509000,78746000,138984000,209525000,772202000,None,None,None,16590000,None,2736000,None,77636000,64892000,17846000,None,47046000,None,79409000,157045000,47046000,ADBE
2013-11-30,USD,894183000,1041699000,147516000,147516000,102836000,138358000,205196000,789053000,None,None,None,16722000,None,2156000,None,81350000,88270000,22950000,None,65320000,None,105130000,186480000,65320000,ADBE
2013-08-31,USD,848043000,995119000,147076000,147076000,110354000,128043000,208700000,738480000,None,None,None,16747000,None,-347000,None,82175000,93260000,10258000,None,83002000,None,110007000,192182000,83002000,ADBE
2013-05-31,USD,875268000,1010549000,135281000,135281000,111309000,120870000,203097000,738967000,None,None,None,17205000,None,-2977000,None,80950000,91127000,14581000,None,76546000,None,108332000,189282000,76546000,ADBE
2013-02-28,USD,851189000,1007873000,156684000,156684000,98224000,132853000,209638000,752963000,None,None,None,16834000,None,2094000,None,76752000,83484000,18367000,None,65117000,None,100318000,177070000,65117000,ADBE
2012-11-30,USD,1028450000,1153428000,124978000,124978000,307765000,111449000,195047000,720960000,None,None,None,16767000,None,-367000,None,78621000,290631000,68298000,None,222333000,None,307398000,386019000,222333000,ADBE
2012-08-31,USD,960959000,1080580000,119621000,119621000,278304000,110249000,189145000,680281000,None,None,None,17253000,None,2161000,None,74110000,263212000,61855000,None,201357000,None,280465000,354575000,201357000,ADBE
2012-05-31,USD,993531000,1124449000,130918000,130918000,305143000,110603000,180903000,690579000,None,None,None,16629000,None,6060000,None,77174000,294574000,70698000,None,223876000,None,311203000,388377000,223876000,ADBE
2012-02-29,USD,936955000,1045220000,108265000,108265000,288979000,102681000,177728000,650801000,None,None,None,16838000,None,-1764000,None,69861000,270377000,85168000,None,185209000,None,287215000,357076000,185209000,ADBE
2011-11-30,USD,1035782000,1152161000,116379000,116379000,246131000,119586000,195403000,695149000,None,None,None,16774000,None,3823000,None,73290000,233180000,59461000,None,173719000,None,249954000,323244000,173719000,ADBE
2011-08-31,USD,908558000,1013212000,104654000,104654000,274110000,98493000,181039000,630632000,None,None,None,16431000,None,-960000,None,64009000,256719000,61618000,None,195101000,None,273150000,337159000,195101000,ADBE
2011-05-31,USD,913978000,1023179000,109201000,109201000,276724000,95547000,183211000,637840000,None,None,None,16727000,None,-753000,None,66620000,259244000,29808000,None,229436000,None,275971000,342591000,229436000,ADBE
2011-02-28,USD,920067000,1027706000,107639000,107639000,302334000,100979000,178400000,617692000,None,None,None,17020000,None,773000,None,66286000,286087000,51496000,None,234591000,None,303107000,369393000,234591000,ADBE
2010-11-30,USD,900729000,1007946000,107217000,107217000,286943000,100323000,170378000,611593000,None,None,None,16786000,None,15854000,None,76097000,286011000,17161000,None,268850000,None,302797000,378894000,268850000,ADBE
2010-08-31,USD,891235000,990319000,99084000,99084000,302013000,102177000,168296000,591312000,None,None,None,16395000,None,11134000,None,73154000,296752000,66687000,None,230065000,None,313147000,386301000,230065000,ADBE
2010-05-31,USD,835202000,943035000,107833000,107833000,227285000,89953000,174340000,596376000,None,None,None,16076000,None,-17036000,None,74906000,194173000,45562000,None,148611000,None,210249000,285155000,148611000,ADBE
2010-02-28,USD,769332000,858700000,89368000,89368000,176833000,91046000,174340000,580877000,None,None,None,7695000,None,-2923000,None,68581000,166215000,39061000,None,127154000,None,173910000,242491000,127154000,ADBE
2009-11-30,USD,674959000,757283000,82324000,82324000,153642000,148338000,137852000,537183000,None,None,None,1535000,None,None,None,85037000,160212000,192255000,None,0,None,161747000,246784000,-32043000,ADBE
2009-08-31,USD,632460000,697507000,65047000,65047000,167602000,79593000,138902000,464793000,None,None,None,460000,None,7274000,None,63921000,174416000,38371000,None,136045000,None,174876000,238797000,136045000,ADBE
2009-05-31,USD,632665000,704673000,72008000,72008000,161353000,70818000,138470000,467781000,None,None,None,620000,None,None,None,64725000,163730000,37659000,None,0,None,164350000,229075000,126071000,ADBE
2009-02-28,USD,709037000,786390000,77353000,77353000,207916000,74051000,149917000,488851000,None,None,None,792000,None,None,None,68740000,203162000,46727000,None,0,None,203954000,272694000,156435000,ADBE
2008-11-30,USD,828863000,915301000,86438000,86438000,273193000,337291000,153148000,555670000,None,None,None,10019000,None,None,None,69732000,276344000,30427000,None,0,None,302621000,372353000,245917000,ADBE
2008-08-31,USD,776406000,887257000,110851000,110851000,219469000,97156000,170124000,555743000,None,None,None,2390000,None,None,None,62679000,228514000,36906000,None,0,None,220663000,283342000,191608000,ADBE
2008-05-31,USD,804020000,886886000,82866000,82866000,260178000,77078000,170300000,543842000,None,None,None,3828000,None,None,None,68656000,278006000,63096000,None,0,None,260178000,328834000,214910000,ADBE
2008-02-29,USD,807970000,890445000,82475000,82475000,275431000,82929000,168485000,531108000,None,None,None,1809000,None,None,None,69202000,295644000,76265000,None,0,None,276862000,346064000,219379000,ADBE
2007-11-30,USD,812615000,911211000,98596000,98596000,275832000,274982000,162847000,536783000,None,None,None,78000,None,None,None,78190000,290677000,68469000,None,0,None,275832000,354022000,222208000,ADBE
2007-08-31,USD,759065000,851686000,92621000,92621000,255025000,71132000,163217000,503485000,None,None,None,69000,None,None,None,81764000,276995000,71752000,None,0,None,255543000,337307000,205243000,ADBE
2007-05-31,USD,654363000,745577000,91214000,91214000,180391000,68597000,150049000,473972000,None,None,None,22200000,None,None,None,87022000,205116000,52611000,None,0,None,180418000,267440000,152505000,ADBE
2007-02-28,USD,577144000,649407000,72263000,72263000,146337000,61275000,137129000,430807000,None,None,None,21900000,None,None,None,68488000,174402000,30551000,None,0,None,146347000,214835000,143851000,ADBE
2006-11-30,USD,602550000,682175000,79625000,79625000,163372000,235115000,138416000,439696000,None,None,None,19600000,None,None,None,91013000,247961000,64717000,None,0,None,162854000,253867000,183244000,ADBE
2006-08-31,USD,532712000,602191000,69479000,69479000,110033000,57311000,130440000,422647000,None,None,None,18100000,None,None,None,58816000,123012000,28616000,None,0,None,110065000,168881000,94396000,ADBE
2006-05-31,USD,569849000,635456000,65607000,65607000,147908000,59716000,133285000,420706000,None,None,None,13900000,None,None,None,79643000,164497000,41400000,None,0,None,149143000,228786000,123097000,ADBE
2006-02-28,USD,577732000,655478000,77746000,77746000,129980000,60297000,137543000,428768000,None,None,None,15500000,None,None,None,78350000,144257000,39185000,None,0,None,148964000,227314000,105072000,ADBE
2005-11-30,USD,479676000,510371000,30695000,30695000,191930000,166658000,94647000,287746000,None,None,None,10300000,None,None,None,16455000,207219000,50968000,None,0,None,191930000,208385000,156251000,ADBE
