fiscalDateEnding,reportedCurrency,grossProfit,totalRevenue,costOfRevenue,costofGoodsAndServicesSold,operatingIncome,sellingGeneralAndAdministrative,researchAndDevelopment,operatingExpenses,investmentIncomeNet,netInterestIncome,interestIncome,interestExpense,nonInterestIncome,otherNonOperatingIncome,depreciation,depreciationAndAmortization,incomeBeforeTax,incomeTaxExpense,interestAndDebtExpense,netIncomeFromContinuingOperations,comprehensiveIncomeNetOfTax,ebit,ebitda,netIncome,Ticker
2025-10-31,USD,8004000000,10259000000,2255000000,2255000000,2188000000,667000000,1433000000,5816000000,None,None,263000000,None,None,None,None,851000000,2512000000,426000000,None,None,None,2154000000,3005000000,2086000000,CRM
2025-07-31,USD,7994000000,10236000000,2242000000,2242000000,2332000000,734000000,1481000000,5658000000,None,None,25000000,67000000,None,None,None,817000000,2406000000,519000000,None,1887000000,None,2406000000,3223000000,1887000000,CRM
2025-04-30,USD,7564000000,9829000000,2265000000,2265000000,1942000000,697000000,1460000000,5622000000,None,None,84000000,68000000,None,None,None,843000000,1974000000,433000000,None,1541000000,None,1906000000,2749000000,1541000000,CRM
2025-01-31,USD,7776000000,9993000000,2217000000,2217000000,1820000000,767000000,1420000000,5956000000,None,None,178000000,None,None,None,None,877000000,1988000000,280000000,None,1708000000,None,2118000000,2995000000,1708000000,CRM
2024-10-31,USD,7339000000,9444000000,2105000000,2105000000,1893000000,711000000,1356000000,5446000000,None,None,42000000,None,None,None,None,814000000,1746000000,219000000,None,1527000000,None,1949000000,2763000000,1527000000,CRM
2024-07-31,USD,7166000000,9325000000,2159000000,2159000000,1783000000,711000000,1349000000,5383000000,None,None,None,None,None,None,None,907000000,1837000000,408000000,None,1429000000,None,1882000000,2789000000,1429000000,CRM
2024-04-30,USD,6971000000,9133000000,2162000000,2162000000,1709000000,647000000,1368000000,5254000000,None,None,None,None,None,None,None,879000000,1867000000,334000000,None,1533000000,None,1717000000,2596000000,1533000000,CRM
2024-01-31,USD,7139000000,9287000000,2148000000,2148000000,1622000000,632000000,1275000000,5517000000,None,None,None,140000000,None,None,None,953000000,1645000000,199000000,None,1446000000,None,1801000000,2754000000,1446000000,CRM
2023-10-31,USD,6565000000,8720000000,2155000000,2155000000,1501000000,632000000,1204000000,5064000000,None,None,None,70000000,None,None,None,862000000,1487000000,263000000,None,1224000000,None,1556000000,2418000000,1224000000,CRM
2023-07-31,USD,6490000000,8603000000,2113000000,2113000000,1476000000,909000000,1220000000,4965000000,None,-41000000,29000000,70000000,None,None,None,890000000,1492000000,225000000,None,1267000000,None,1603000000,2493000000,1267000000,CRM
2023-04-30,USD,6122000000,8247000000,2125000000,2125000000,1975000000,638000000,1207000000,4999000000,None,67000000,141000000,74000000,None,-86000000,None,1254000000,326000000,127000000,None,199000000,None,1975000000,3229000000,199000000,CRM
2023-01-31,USD,6284000000,8384000000,2100000000,2100000000,357000000,586000000,1128000000,5927000000,None,252000000,314000000,63000000,None,-324000000,None,1032000000,33000000,131000000,None,-98000000,None,1185000000,2217000000,-98000000,CRM
2022-10-31,USD,5749000000,7837000000,2088000000,2088000000,460000000,664000000,1280000000,5289000000,None,-59000000,16000000,75000000,None,15000000,None,918000000,475000000,265000000,None,210000000,None,460000000,1378000000,210000000,CRM
2022-07-31,USD,5593000000,7720000000,2127000000,2127000000,148000000,647000000,1329000000,5400000000,None,-65000000,11000000,76000000,None,-12000000,None,907000000,181000000,113000000,None,68000000,None,148000000,1055000000,68000000,CRM
2022-04-30,USD,5366000000,7411000000,2045000000,2045000000,13000000,656000000,1318000000,5346000000,None,-18000000,56000000,74000000,None,-49000000,None,906000000,-29000000,-57000000,None,28000000,None,13000000,919000000,28000000,CRM
2022-01-31,USD,5312000000,7326000000,2014000000,2014000000,-176000000,733000000,1291000000,5488000000,None,21000000,34000000,13000000,None,-21000000,None,931000000,-197000000,-169000000,None,-28000000,None,-176000000,755000000,-28000000,CRM
2021-10-31,USD,5019000000,6863000000,1844000000,1844000000,38000000,667000000,1203000000,4981000000,None,230000000,302000000,72000000,None,261000000,None,963000000,299000000,-169000000,None,468000000,None,299000000,1262000000,468000000,CRM
2021-07-31,USD,4727000000,6340000000,1613000000,1613000000,332000000,639000000,1020000000,4395000000,None,None,506000000,None,None,494000000,None,719000000,826000000,291000000,None,535000000,None,332000000,1051000000,535000000,CRM
2021-04-30,USD,4408000000,5963000000,1555000000,1555000000,354000000,559000000,951000000,4054000000,None,None,269000000,None,None,250000000,None,685000000,604000000,135000000,None,469000000,None,354000000,1039000000,469000000,CRM
2021-01-31,USD,4338000000,5817000000,1479000000,1479000000,193000000,574000000,939000000,4145000000,None,None,260000000,None,None,424000000,None,869000000,425000000,158000000,None,267000000,None,193000000,1062000000,267000000,CRM
2020-10-31,USD,4025000000,5419000000,1394000000,1394000000,224000000,522000000,902000000,3801000000,None,None,1030000000,None,None,1026000000,None,670000000,1250000000,169000000,None,1081000000,None,224000000,894000000,1081000000,CRM
2020-07-31,USD,3840000000,5151000000,1311000000,1311000000,178000000,489000000,898000000,3662000000,None,0,676000000,676000000,None,661000000,None,649000000,839000000,-1786000000,None,2625000000,None,178000000,827000000,2625000000,CRM
2020-04-30,USD,3611000000,4865000000,1254000000,1254000000,-140000000,502000000,859000000,3751000000,None,0,195000000,195000000,None,-5000000,None,658000000,47000000,-52000000,None,99000000,None,-140000000,518000000,99000000,CRM
2020-01-31,USD,3631000000,4851000000,1220000000,1220000000,-36000000,490000000,831000000,3667000000,None,0,30000000,34000000,None,1000000,None,633000000,-4000000,244000000,None,-248000000,None,-36000000,597000000,-248000000,CRM
2019-10-31,USD,3379000000,4513000000,1134000000,1134000000,65000000,477000000,774000000,3314000000,None,0,7000000,7000000,None,-7000000,None,608000000,64000000,173000000,None,-109000000,None,65000000,673000000,-109000000,CRM
2019-07-31,USD,3030000000,3997000000,967000000,967000000,58000000,375000000,607000000,2972000000,None,-3000000,31000000,34000000,None,-3000000,None,395000000,164000000,73000000,None,91000000,None,224000000,619000000,91000000,CRM
2019-04-30,USD,2823000000,3737000000,914000000,914000000,210000000,362000000,554000000,2613000000,None,0,272000000,272000000,None,-9000000,None,376000000,482000000,90000000,None,392000000,None,210000000,586000000,392000000,CRM
2019-01-31,USD,2657000000,3603000000,946000000,946000000,137000000,359000000,518000000,2520000000,None,None,None,41000000,None,143000000,None,273000000,239000000,-123000000,None,362000000,None,280000000,553000000,362000000,CRM
2018-10-31,USD,2503000000,3392000000,889000000,889000000,92000000,342000000,481000000,2411000000,None,None,None,40000000,None,76000000,None,257000000,128000000,23000000,None,105000000,None,92000000,349000000,105000000,CRM
2018-07-31,USD,2432000000,3281000000,849000000,849000000,115000000,350000000,463000000,2317000000,None,None,None,39000000,None,155000000,None,253000000,231000000,-68000000,None,299000000,None,270000000,523000000,299000000,CRM
2018-04-30,USD,2239000000,3006000000,767000000,767000000,191000000,295000000,424000000,2048000000,None,None,None,34000000,None,228000000,None,197000000,385000000,41000000,None,344000000,None,191000000,388000000,344000000,CRM
2018-01-31,USD,2113211000,2851003000,737792000,737792000,77869000,274490000,396547000,2035342000,None,None,None,21561000,None,31909000,None,187689000,88217000,20662000,None,67555000,None,109778000,297467000,67555000,CRM
2017-10-31,USD,1987000000,2679841000,714000000,714000000,155000000,271000000,394000000,1832000000,None,None,None,21000000,None,11970000,None,188000000,146000000,39000000,None,51394000,None,167000000,355000000,107000000,CRM
2017-07-31,USD,1907000000,2561589000,670000000,670000000,84000000,283000000,387000000,1823000000,None,None,None,22000000,None,1289000,None,192000000,63000000,17000000,None,17736000,None,85000000,277000000,46000000,CRM
2017-04-30,USD,1746000000,2387579000,651000000,651000000,4000000,260000000,376000000,1742000000,None,None,None,22000000,None,8115000,None,185000000,-10000000,-11000000,None,-9207000,None,12000000,197000000,1000000,CRM
2017-01-31,USD,1668031000,2293988000,625957000,625957000,-23345000,257941000,344192000,1691376000,None,None,None,24323000,None,24199000,None,180766000,-23469000,27971000,None,-51440000,None,854000,181620000,-51440000,CRM
2016-10-31,USD,1559253000,2144775000,585522000,585522000,3036000,246765000,311459000,1556217000,None,None,None,21946000,None,6324000,None,169346000,-12586000,24723000,None,-37309000,None,9360000,178706000,-37309000,CRM
2016-07-31,USD,1511039000,2036618000,525579000,525579000,32551000,252051000,291506000,1478488000,None,None,None,20708000,None,12440000,None,149361000,24283000,-205339000,None,229622000,None,44991000,194352000,229622000,CRM
2016-04-30,USD,1419622000,1916603000,496981000,496981000,51986000,210806000,260970000,1367636000,None,None,None,22011000,None,7180000,None,132772000,37155000,-1604000,None,38759000,None,59166000,191938000,38759000,CRM
2016-01-31,USD,1365719000,1809398000,443679000,443679000,20560000,203924000,250860000,1345159000,None,None,None,19465000,None,-5238000,None,131912000,-4143000,21366000,None,-25509000,None,15322000,147234000,-25509000,CRM
2015-10-31,USD,1288284000,1711967000,423683000,423683000,43434000,186818000,239212000,1244850000,None,None,None,18249000,None,18206000,None,134236000,43391000,68548000,None,-25157000,None,61640000,195876000,-25157000,CRM
2015-07-31,USD,1229300000,1634684000,405384000,405384000,19824000,181685000,234100000,1209476000,None,None,None,18096000,None,5230000,None,131675000,6958000,7810000,None,-852000,None,25054000,156729000,-852000,CRM
2015-04-30,USD,1129365000,1511167000,381802000,381802000,31105000,139194000,222128000,1098260000,None,None,None,16675000,None,3643000,None,127927000,18073000,13981000,None,4092000,None,34748000,162675000,4092000,CRM
2015-01-31,USD,1088685000,1444608000,355923000,355923000,-34816000,181371000,205990000,1123501000,None,None,None,16882000,None,-1800000,None,117938000,-53498000,12267000,None,-65765000,None,-36616000,81322000,-65765000,CRM
2014-10-31,USD,1050444000,1383655000,333211000,333211000,-22042000,167383000,195460000,1072486000,None,None,None,17682000,None,17875000,None,111954000,-21849000,17075000,None,-38924000,None,-4167000,107787000,-38924000,CRM
2014-07-31,USD,1010720000,1318551000,307831000,307831000,-33434000,169087000,203109000,1044154000,None,None,None,18314000,None,-1221000,None,107596000,-52969000,8119000,None,-61088000,None,-34655000,72941000,-61088000,CRM
2014-04-30,USD,934467000,1226772000,292305000,292305000,-55341000,162095000,188358000,989808000,None,None,None,20359000,None,-9069000,None,110808000,-84769000,12142000,None,-96911000,None,-64410000,46398000,-96911000,CRM
2014-01-31,USD,871712000,1145242000,273530000,273530000,-103746000,162576000,173090000,975458000,None,None,None,22743000,None,3342000,None,114813000,-123147000,-6524000,None,-116623000,None,-100404000,14409000,-116623000,CRM
2013-10-31,USD,807847000,1076034000,268187000,268187000,-97931000,153859000,170690000,905778000,None,None,None,22929000,None,-3181000,None,114347000,-124041000,393000,None,-124434000,None,-101112000,13235000,-124434000,CRM
2013-07-31,USD,739377000,957094000,217717000,217717000,-39857000,150534000,148079000,779234000,None,None,None,19656000,None,2709000,None,77966000,-56804000,-133407000,None,76603000,None,-37148000,40818000,76603000,CRM
2013-04-30,USD,683639000,892633000,208994000,208994000,-44540000,129750000,131939000,728179000,None,None,None,11883000,None,2480000,None,62297000,-53943000,13778000,None,-67721000,None,-42060000,20237000,-67721000,CRM
2013-01-31,USD,651319000,834681000,183362000,183362000,-20807000,115369000,121187000,672126000,None,None,None,8355000,None,3119000,None,57395000,-26043000,-5199000,None,-20844000,None,-17688000,39707000,-20844000,CRM
2012-10-31,USD,602150000,788398000,186248000,186248000,-54188000,113757000,114074000,656338000,None,None,None,8190000,None,-473000,None,59960000,-62851000,157446000,None,-220297000,None,-54661000,5299000,-220297000,CRM
2012-07-31,USD,569231000,731649000,162418000,162418000,-13466000,103095000,99442000,582697000,None,None,None,8033000,None,7467000,None,49999000,-14032000,-4203000,None,-9829000,None,-5999000,44000000,-9829000,CRM
2012-04-30,USD,543916000,695467000,151551000,151551000,-22249000,101600000,94776000,566165000,None,None,None,6370000,None,3751000,None,49441000,-24868000,-5393000,None,-19475000,None,-18498000,30943000,-19475000,CRM
2012-01-31,USD,495568000,631913000,136345000,136345000,-6377000,93765000,80613000,501945000,None,None,None,5669000,None,4511000,None,45901000,-7535000,-3457000,None,-4078000,None,-1866000,44035000,-4078000,CRM
2011-10-31,USD,455695000,584260000,128565000,128565000,-10157000,85232000,76049000,465852000,None,None,None,3859000,None,5166000,None,41553000,-8850000,-5094000,None,-3756000,None,-4991000,36562000,-3756000,CRM
2011-07-31,USD,425092000,546002000,120910000,120910000,-15748000,84446000,73393000,440840000,None,None,None,3846000,None,1881000,None,40239000,-17713000,-13445000,None,-4268000,None,-13867000,26372000,-4268000,CRM
2011-04-30,USD,401298000,504364000,103066000,103066000,-2803000,84338000,65292000,404101000,None,None,None,3671000,None,7255000,None,29593000,781000,251000,None,530000,None,4452000,34045000,530000,CRM
2011-01-31,USD,364556000,456867000,92311000,92311000,-391000,74200000,57530000,364947000,None,None,None,3290000,None,8060000,None,23738000,4379000,-6491000,None,10870000,None,7712000,31450000,10913000,CRM
2010-10-31,USD,346956000,429087000,82131000,82131000,35156000,63951000,47305000,311800000,None,None,None,7374000,None,10778000,None,19710000,38560000,16192000,None,22368000,None,45934000,65644000,21072000,CRM
2010-07-31,USD,316582000,394372000,77790000,77790000,29682000,61569000,42930000,286900000,None,None,None,7185000,None,6970000,None,17793000,29467000,12884000,None,16583000,None,36652000,54445000,14744000,CRM
2010-04-30,USD,305232000,376813000,71581000,71581000,33050000,56193000,40122000,272182000,None,None,None,7060000,None,5902000,None,14505000,31892000,12016000,None,19876000,None,38952000,53457000,17745000,CRM
2010-01-31,USD,285990000,354049000,68059000,68059000,25519000,55472000,36447000,260471000,None,None,None,20987000,None,None,None,15287000,34678000,12263000,None,0,None,54628000,69915000,20394000,CRM
2009-10-31,USD,264979000,330549000,65570000,65570000,30141000,49909000,32763000,234838000,None,None,None,292000,None,-336000,None,13601000,37016000,15573000,None,21443000,None,37308000,50909000,20691000,CRM
2009-07-31,USD,253565000,316061000,62496000,62496000,29489000,46759000,31103000,224076000,None,None,None,293000,None,-1072000,None,12144000,35871000,14030000,None,21841000,None,36164000,48308000,21198000,CRM
2009-04-30,USD,243124000,304924000,61800000,61800000,30123000,43150000,31584000,213001000,None,None,None,208000,None,None,None,12145000,34816000,15823000,None,0,None,35024000,47169000,18436000,CRM
2009-01-31,USD,230849000,289583000,58734000,58734000,16090000,40816000,29460000,214759000,None,None,None,5400000,None,None,None,26351000,21739000,7864000,None,0,None,40509000,66860000,13753000,CRM
2008-10-31,USD,220139000,276487000,56348000,56348000,16133000,41284000,26270000,204006000,None,None,None,3800000,None,None,None,22694000,20507000,8824000,None,0,None,-6561000,16133000,10124000,CRM
2008-07-31,USD,208986000,263077000,54091000,54091000,16098000,38081000,24033000,192888000,None,None,None,6700000,None,None,None,37500000,21966000,10558000,None,0,None,-21402000,16098000,9996000,CRM
2008-04-30,USD,196324000,247622000,51298000,51298000,15421000,38432000,19767000,180903000,None,None,None,330000,None,None,None,8158000,21380000,10311000,None,0,None,21710000,29868000,9555000,CRM
2008-01-31,USD,170175000,216906000,46731000,46731000,10730000,35619000,17703000,159445000,None,None,None,2000,None,None,None,19036000,17450000,8296000,None,0,None,10730000,29766000,7379000,CRM
2007-10-31,USD,148522000,192803000,44281000,44281000,6118000,29296000,16892000,142404000,None,None,None,1000,None,None,None,17802000,14231000,6594000,None,0,None,-11684000,6118000,6512000,CRM
2007-07-31,USD,135167000,176579000,41412000,41412000,3347000,26508000,15096000,131820000,None,None,None,2000,None,None,None,15689000,9242000,4653000,None,0,None,-12342000,3347000,3735000,CRM
2007-04-30,USD,123245000,162412000,39167000,39167000,114000,25085000,14121000,123131000,None,None,None,41000,None,None,None,13887000,5290000,3842000,None,0,None,-13773000,114000,730000,CRM
2007-01-31,USD,110383000,144222000,33839000,33839000,-2076000,11725000,13331000,112459000,None,None,None,112000,None,None,None,10513000,3890000,2659000,None,0,None,-2076000,8437000,516000,CRM
2006-10-31,USD,98693000,130053000,31360000,31360000,-123000,20840000,11450000,98816000,None,None,None,19000,None,None,None,9166000,4318000,3418000,None,0,None,-123000,9043000,339000,CRM
2006-07-31,USD,89006000,118137000,29131000,29131000,-1279000,19466000,11008000,90285000,None,None,None,151000,None,None,None,8754000,2028000,1713000,None,0,None,-1279000,7475000,-145000,CRM
2006-04-30,USD,80126000,104686000,24560000,24560000,-120000,19405000,8825000,80246000,None,None,None,11000,None,None,None,7452000,2260000,2005000,None,0,None,-120000,7332000,-229000,CRM
2006-01-31,USD,69724000,91064000,21340000,21340000,5252000,15013000,6956000,64472000,None,None,None,13000,None,None,None,6197000,7554000,1330000,None,0,None,5252000,11449000,5957000,CRM
2005-10-31,USD,63089000,82673000,19584000,19584000,6387000,12195000,6602000,56702000,None,None,None,12000,None,None,None,5119000,8337000,-5101000,None,0,None,1268000,6387000,13097000,CRM
